% Encoding: UTF-8

@InProceedings{Pearce2013,
  author    = {Pearce, David J.},
  title     = {Sound and Complete Flow Typing with Unions, Intersections and Negations},
  booktitle = {Proceedings of the 14th International Conference on Verification, Model Checking, and Abstract Interpretation - Volume 7737},
  year      = {2013},
  series    = {VMCAI 2013},
  pages     = {335--354},
  address   = {Berlin, Heidelberg},
  publisher = {Springer-Verlag},
  acmid     = {2941762},
  doi       = {10.1007/978-3-642-35873-9_21},
  isbn      = {978-3-642-35872-2},
  location  = {Rome, Italy},
  numpages  = {20},
  url       = {https://doi.org/10.1007/978-3-642-35873-9_21},
}

@Comment{jabref-meta: databaseType:bibtex;}
